@article{article:soulboundpaper,
  author          = {E. Glen Weyl and Puja Ohlhaver and Vitalik Buterin},
  title           = {{Decentralized Society: Finding Web3's Soul}},
  year            = {2022},
  url             = {https://papers.ssrn.com/sol3/papers.cfm?abstract_id=4105763}
}

@article{article:zkkyc,
  author          = {Pieter Pauwels},
  title           = {{zkKYC: A solution concept for KYC without knowing your customer,
leveraging self-sovereign identity and zero-knowledge proofs}},
  year            = {2021},
  url             = {https://bafybeie5ixj4dkim3lgivkw56us6aakh6bc3dhlsx5zzohrkzgo3ywqqha.ipfs.dweb.link/zkKYC-v1.0.pdf}
}

@article{article:soulbound,
  author          = {Vitalik Buterin},
  title           = {Soulbound},
  year            = {2022},
  url             = {https://vitalik.ca/general/2022/01/26/soulbound.html}
}

@article{article:zkp,
    author          = {Shafi Goldwasser and Silvio Micali and Charles Rackoff},
    title           = {{The Knowledge Complexity of Interactive Proof Systems}},
    year            = {1989},
    url             = {https://people.csail.mit.edu/silvio/Selected%20Scientific%20Papers/Proof%20Systems/The_Knowledge_Complexity_Of_Interactive_Proof_Systems.pdf}
}

@online{site:sovrinssi,
  title           = {{What is self-sovereign Identity?}},
  url             = {https://sovrin.org/faq/what-is-self-sovereign-identity/}
}

@online{site:ssiprinciples,
  title           = {{The Path to Self-Sovereign Identity}},
  url             = {https://github.com/WebOfTrustInfo/self-sovereign-identity/blob/master/ThePathToSelf-SovereignIdentity.md}
}

@online{site:pwned,
  title           = {{Have I been pwned?}},
  url             = {https://haveibeenpwned.com/}
}

@online{site:mixers,
  title           = {{What Are Coin Mixers and How Do They Work?}},
  url             = {https://decrypt.co/resources/what-are-coin-mixers-tornado-cash-how-do-they-work}
}

@online{site:zkrollups,
    title           = {{Zero-Knowledge Rollups}},
    url             = {https://ethereum.org/en/developers/docs/scaling/zk-rollups/}
}

@online{site:darkforest,
    title           = {{Announcing Dark Forest}},
    url             = {https://blog.zkga.me/announcing-darkforest}
}

@online{site:trusttriangle,
  title           = {{What is the Trust Triangle?}},
  url             = {https://academy.affinidi.com/what-is-the-trust-triangle-9a9caf36b321}
}

@online{site:ebsi,
  title           = {{EBSI}},
  url             = {https://ec.europa.eu/digital-building-blocks/wikis/display/EBSI/Home}
}

@online{site:tyknvc,
  title           = {{Verifiable Credentials}},
  url             = {https://tykn.tech/verifiable-credentials/}
}

@online{site:w3cvc,
  title           = {{Verifiable Credentials Data Model v1.1 - W3C}},
  url             = {https://www.w3.org/TR/vc-data-model/}
}

@online{site:w3cdids,
  title           = {{Decentralized Identifiers (DIDs) v1.0 - W3C}},
  url             = {https://w3c.github.io/did-core/}
}

@online{site:json,
    title           = {{Introducing JSON}},
    url             = {https://www.json.org/json-en.html}
}

@online{site:ethereum,
    title           = {{Ethereum}},
    url             = {https://ethereum.org/}
}

@online{site:hyperledger,
    title           = {{Hyperledger Foundation}},
    url             = {https://www.hyperledger.org/}
}

@online{site:besu,
    title           = {{Hyperledger Besu}},
    url             = {https://www.hyperledger.org/use/besu}
}

@online{site:besudocs,
    title           = {{Hyperledger Besu Docs}},
    url             = {https://besu.hyperledger.org/en/stable/private-networks/tutorials/quickstart/}
}

@online{site:fabric,
    title           = {{Hyperledger Fabric}},
    url             = {https://www.hyperledger.org/use/fabric}
}

@online{site:waltid,
    title           = {{walt.id}},
    url             = {https://walt.id/}
}

@online{site:ssikit,
    title           = {{walt.id SSI Kit Docs}},
    url             = {https://docs.walt.id/v/ssikit/ssi-kit/readme}
}

@online{site:dif,
    title           = {{Decentralized Identity Foundation}},
    url             = {https://identity.foundation/}
}

@online{site:mattr,
    title           = {{MATTR}},
    url             = {https://mattr.global/}
}

@online{site:veramo,
    title           = {{Veramo}},
    url             = {https://veramo.io/}
}

@online{site:ebsiterms,
    title           = {{EBSI - Terms and conditions}},
    url             = {https://api.preprod.ebsi.eu/docs/terms}
}

@online{site:ebsipres,
    title           = {{EBSI Presentation}},
    url             = {https://www.itu.int/en/ITU-T/webinars/20201104/Documents/Emilio%20Davila-EBSI%20presentation%20ITU%20ED%2004112020.pdf}
}

@online{site:web3wiki,
    title           = {{Web3 Wikipedia Page}},
    url             = {https://en.wikipedia.org/wiki/Web3}
}

@online{site:ethstaking,
    title           = {{Etheruem Staking Page}},
    url             = {https://ethereum.org/en/staking/}
}